<record xmlns="http://www.loc.gov/MARC21/slim" xmlns:xsi="http://www.w3.org/2001/XMLSchema-instance" xsi:schemaLocation="http://www.loc.gov/MARC21/slim http://www.loc.gov/standards/marcxml/schema/MARC21slim.xsd"><leader>02386nam a2200421   4500</leader><controlfield tag="001">001685309</controlfield><controlfield tag="003">NNU</controlfield><controlfield tag="006">m        d        </controlfield><controlfield tag="007">cr cn |||m|||a</controlfield><controlfield tag="008">150223s1952    ua      obd   001 0 arard</controlfield><datafield ind1=" " ind2=" " tag="040"><subfield code="a">NNU</subfield><subfield code="b">eng</subfield><subfield code="c">NNU</subfield></datafield><datafield ind1=" " ind2="4" tag="050"><subfield code="a">PJ6620</subfield><subfield code="b">.J3912 1952</subfield></datafield><datafield ind1=" " ind2=" " tag="066"><subfield code="c">(3</subfield></datafield><datafield ind1=" " ind2=" " tag="090"><subfield code="a">PJ6620</subfield><subfield code="b">.J35 1952</subfield></datafield><datafield ind1="1" ind2=" " tag="100"><subfield code="6">880-01</subfield><subfield code="a">Zanj&#257;n&#299;, Ma&#7717;m&#363;d ibn A&#7717;mad,</subfield><subfield code="d">1177 or 8-1258</subfield></datafield><datafield ind1="1" ind2="0" tag="245"><subfield code="6">880-02</subfield><subfield code="a">Tahdh&#299;b al-&#7778;i&#7717;&#257;&#7717;</subfield><subfield code="h">[electronic resource] /</subfield><subfield code="c">ta&#700;l&#299;f Ma&#7717;m&#363;d ibn A&#7717;mad al-Zanj&#257;n&#299; ; ta&#7717;q&#299;q &#699;Abd al-Sal&#257;m Mu&#7717;ammad H&#257;r&#363;n, A&#7717;mad &#699;Abd al-Ghaf&#363;r &#699;A&#7789;&#7789;&#257;r ; &#699;uniya bi-nashrih Mu&#7717;ammad Sur&#363;r al-&#7778;abban.</subfield></datafield><datafield ind1=" " ind2=" " tag="260"><subfield code="6">880-03</subfield><subfield code="a">Mi&#7779;r :</subfield><subfield code="b">D&#257;r al-Ma&#699;&#257;rif,</subfield><subfield code="c">[1952]</subfield></datafield><datafield ind1=" " ind2=" " tag="300"><subfield code="a">online resource (3 v. (71, 1383 p.))</subfield></datafield><datafield ind1=" " ind2=" " tag="500"><subfield code="a">Includes bibliographical references and indexes.</subfield></datafield><datafield ind1=" " ind2=" " tag="500"><subfield code="a">Edited from a ms. in the library of Sheikh Mu&#7717;ammad Sar&#363;r al-&#7778;abb&#257;n of Mecca.</subfield></datafield><datafield ind1=" " ind2=" " tag="500"><subfield code="a">Part of the Arabic Collections Online (ACO) project, contributed by New York Univeristy Libraries.</subfield></datafield><datafield ind1=" " ind2=" " tag="533"><subfield code="a">Electronic reproduction.</subfield><subfield code="b">New York, N.Y. :</subfield><subfield code="c">New York University,</subfield><subfield code="d">2015.</subfield><subfield code="5">NNU</subfield></datafield><datafield ind1=" " ind2="0" tag="650"><subfield code="a">Arabic language</subfield><subfield code="v">Dictionaries.</subfield></datafield><datafield ind1="1" ind2=" " tag="700"><subfield code="6">880-04</subfield><subfield code="a">Jawhar&#299;, Ism&#257;&#699;&#299;l ibn &#7716;amm&#257;d,</subfield><subfield code="d">d. 1003?</subfield><subfield code="t">&#7778;i&#7717;&#257;&#7717;.</subfield></datafield><datafield ind1="1" ind2=" " tag="700"><subfield code="6">880-05</subfield><subfield code="a">H&#257;r&#363;n, &#699;Abd al-Sal&#257;m Mu&#7717;ammad</subfield></datafield><datafield ind1="1" ind2=" " tag="700"><subfield code="6">880-06</subfield><subfield code="a">&#699;A&#7789;&#7789;&#257;r, A&#7717;mad &#699;Abd al-Ghaf&#363;r</subfield></datafield><datafield ind1="2" ind2=" " tag="710"><subfield code="a">New York University.</subfield><subfield code="b">Libraries.</subfield></datafield><datafield ind1="0" ind2=" " tag="730"><subfield code="a">Arabic Collections Online.</subfield></datafield><datafield ind1="0" ind2="8" tag="776"><subfield code="i">Print version:</subfield><subfield code="a">Zanj&#257;n&#299;, Ma&#7717;m&#363;d ibn A&#7717;mad, 1177 or 8-1258 880-01</subfield><subfield code="t">Tahdh&#299;b al-&#7778;i&#7717;&#257;&#7717;</subfield><subfield code="w">(NNU)001685309</subfield></datafield><datafield ind1="4" ind2="0" tag="856"><subfield code="u">http://hdl.handle.net/2333.1/c59zw607</subfield></datafield><datafield ind1="1" ind2=" " tag="880"><subfield code="6">100-01/</subfield><subfield code="a">&#1586;&#1606;&#1580;&#1575;&#1606;&#1610;&#1548; &#1605;&#1581;&#1605;&#1608;&#1583; &#1576;&#1606; &#1571;&#1581;&#1605;&#1583;.</subfield></datafield><datafield ind1="1" ind2="0" tag="880"><subfield code="6">245-02/</subfield><subfield code="a">&#1578;&#1607;&#1584;&#1610;&#1576; &#1575;&#1604;&#1589;&#1581;&#1575;&#1581; /</subfield><subfield code="c">&#1578;&#1571;&#1604;&#1610;&#1601; &#1605;&#1581;&#1605;&#1608;&#1583; &#1576;&#1606; &#1571;&#1581;&#1605;&#1583; &#1575;&#1604;&#1586;&#1606;&#1580;&#1575;&#1606;&#1610; &#1563; &#1578;&#1581;&#1602;&#1610;&#1602; &#1593;&#1576;&#1583; &#1575;&#1604;&#1587;&#1604;&#1575;&#1605; &#1605;&#1581;&#1605;&#1583; &#1607;&#1575;&#1585;&#1608;&#1606;&#1548; &#1571;&#1581;&#1605;&#1583; &#1593;&#1576;&#1583; &#1575;&#1604;&#1594;&#1601;&#1608;&#1585; &#1593;&#1591;&#1575;&#1585; &#1563; &#1593;&#1606;&#1610; &#1576;&#1606;&#1588;&#1585;&#1607; &#1605;&#1581;&#1605;&#1583; &#1587;&#1585;&#1608;&#1585; &#1575;&#1604;&#1589;&#1576;&#1575;&#1606;.</subfield></datafield><datafield ind1=" " ind2=" " tag="880"><subfield code="6">260-03/</subfield><subfield code="a">&#1605;&#1589;&#1585; :</subfield><subfield code="b">&#1583;&#1575;&#1585; &#1575;&#1604;&#1605;&#1593;&#1575;&#1585;&#1601;&#1548;</subfield><subfield code="c">[1952]</subfield></datafield><datafield ind1="1" ind2=" " tag="880"><subfield code="6">700-04/</subfield><subfield code="a">&#1580;&#1608;&#1607;&#1585;&#1610;&#1548; &#1575;&#1587;&#1605;&#1575;&#1593;&#1610;&#1604; &#1576;&#1606; &#1581;&#1605;&#1575;&#1583;.</subfield><subfield code="t">&#1589;&#1581;&#1575;&#1581;.</subfield></datafield><datafield ind1="1" ind2=" " tag="880"><subfield code="6">700-05/</subfield><subfield code="a">&#1607;&#1575;&#1585;&#1608;&#1606;&#1548; &#1593;&#1576;&#1583; &#1575;&#1604;&#1587;&#1604;&#1575;&#1605; &#1605;&#1581;&#1605;&#1583;.</subfield></datafield><datafield ind1="1" ind2=" " tag="880"><subfield code="6">700-06/</subfield><subfield code="a">&#1593;&#1591;&#1575;&#1585;&#1548; &#1571;&#1581;&#1605;&#1583; &#1593;&#1576;&#1583; &#1575;&#1604;&#1594;&#1601;&#1608;&#1585;.</subfield></datafield><datafield ind1=" " ind2=" " tag="959"><subfield code="a">NNU</subfield><subfield code="b">WEB</subfield><subfield code="c">GENI</subfield><subfield code="t">0</subfield><subfield code="m">Electronic access</subfield><subfield code="s">01</subfield></datafield><datafield ind1=" " ind2=" " tag="999"><subfield code="i">NNU_001685309</subfield><subfield code="s">nyu_aco000038:v.1</subfield><subfield code="s">nyu_aco000039:v.2</subfield><subfield code="s">nyu_aco000040:v.3</subfield></datafield></record>